<record><leader>00000cas a22000007a 4500</leader><controlfield tag="001">18917648</controlfield><controlfield tag="008">881217d193u194ualuwr ne      0    0eng d</controlfield><datafield ind1=" " ind2=" " tag="010"><subfield code="a">sn 88050229 </subfield></datafield><datafield ind1=" " ind2=" " tag="040"><subfield code="a">AAR</subfield><subfield code="b">eng</subfield><subfield code="c">AAR</subfield><subfield code="d">CPN</subfield><subfield code="d">OCLCQ</subfield></datafield><datafield ind1=" " ind2=" " tag="042"><subfield code="a">msc</subfield></datafield><datafield ind1="0" ind2=" " tag="130"><subfield code="a">Brundidge sentinel (Brundidge, Ala.)</subfield></datafield><datafield ind1="1" ind2="4" tag="245"><subfield code="a">The Brundidge sentinel.</subfield></datafield><datafield ind1=" " ind2=" " tag="260"><subfield code="a">Brundidge, Ala. :</subfield><subfield code="b">Ruby M. Tucker</subfield></datafield><datafield ind1=" " ind2=" " tag="300"><subfield code="a">v.</subfield></datafield><datafield ind1=" " ind2=" " tag="310"><subfield code="a">Weekly</subfield></datafield><datafield ind1=" " ind2=" " tag="588"><subfield code="a">Description based on: Vol. 7, no. 39 (Sept. 12, 1940).</subfield></datafield><datafield ind1=" " ind2=" " tag="752"><subfield code="a">United States</subfield><subfield code="b">Alabama</subfield><subfield code="c">Pike</subfield><subfield code="d">Brundidge.</subfield></datafield><datafield ind1="0" ind2="0" tag="785"><subfield code="t">Pike county sentinel</subfield><subfield code="w">(DLC)sn 86050320</subfield></datafield></record>